@book{csbook,
  title={Compressed Sensing: Theory and Applications},
  author={Eldar, Y.C. and Kutyniok, G.},
  isbn={9781107005587},
  lccn={2011040519},
  series={Compressed Sensing: Theory and Applications},
  url={https://books.google.com/books?id=Gm3ihcJwN0YC},
  year={2012},
  publisher={Cambridge University Press}
}

@ARTICLE{baraniuk, 
author={R. G. Baraniuk}, 
journal={IEEE Signal Processing Magazine}, 
title={Compressive Sensing [Lecture Notes]}, 
year={2007}, 
volume={24}, 
number={4}, 
pages={118-121}, 
keywords={Nyquist criterion;data compression;optimisation;signal reconstruction;signal representation;Nyquist rate;compressive sensing;nonadaptive linear projections;optimization process;signal capturing;signal reconstruction;signal representation;Bandwidth;Data acquisition;Digital cameras;Image coding;Image sampling;Image storage;Matrices;Signal processing;Transform coding;Vectors}, 
doi={10.1109/MSP.2007.4286571}, 
ISSN={1053-5888}, 
month={July},}

@inproceedings{candes,
  title={Compressive sampling},
  author={Cand{\`e}s, Emmanuel J and others},
  booktitle={Proceedings of the international congress of mathematicians},
  volume={3},
  pages={1433--1452},
  year={2006},
  organization={Madrid, Spain}
}

@article{donoho,
  title={Compressed sensing},
  author={Donoho, David L},
  journal={IEEE Transactions on information theory},
  volume={52},
  number={4},
  pages={1289--1306},
  year={2006},
  publisher={IEEE}
}

@article{oppenheimdigital,
  title={Digital signal processing. 1975},
  author={Oppenheim, Alan V and Schafer, Ronald W},
  journal={Englewood Cliffs, New York}
}

@article {lustig,
author = {Lustig, Michael and Donoho, David and Pauly, John M.},
title = {Sparse MRI: The application of compressed sensing for rapid MR imaging},
journal = {Magnetic Resonance in Medicine},
volume = {58},
number = {6},
publisher = {Wiley Subscription Services, Inc., A Wiley Company},
issn = {1522-2594},
url = {http://dx.doi.org/10.1002/mrm.21391},
doi = {10.1002/mrm.21391},
pages = {1182--1195},
keywords = {compressed sensing, compressive sampling, random sampling, rapid MRI, sparsity, sparse reconstruction, nonlinear reconstruction},
year = {2007},
}

@article{sparseapprox,
author={Natarajan,B. K.},
year={1995},
month={04},
title={Sparse Approximate Solutions to Linear Systems},
journal={SIAM Journal on Computing},
volume={24},
number={2},
pages={227-8},
note={Copyright - Copyright] © 1995 © Society for Industrial and Applied Mathematics; Last updated - 2012-02-03},
keywords={Mathematics},
isbn={00975397},
language={English},
url={https://search.proquest.com/docview/919610355?accountid=4488},
}

@article{convexoptimization,
title = "Breakdown of equivalence between the minimal l1-norm solution and the sparsest solution",
journal = "Signal Processing",
volume = "86",
number = "3",
pages = "533 - 548",
year = "2006",
note = "Sparse Approximations in Signal and Image Processing",
issn = "0165-1684",
doi = "https://doi.org/10.1016/j.sigpro.2005.05.028",
url = "http://www.sciencedirect.com/science/article/pii/S0165168405002203",
author = "Yaakov Tsaig and David L. Donoho",
keywords = "Basis pursuit, Underdetermined systems of linear equations, Random matrix theory, Linear programming, Overcomplete systems, Sparse representations, Random signs matrix ensemble, Partial Fourier matrix ensemble, Partial Hadamard matrix ensemble"
}

@article{santosa,
  title={Linear inversion of band-limited reflection seismograms},
  author={Santosa, Fadil and Symes, William W},
  journal={SIAM Journal on Scientific and Statistical Computing},
  volume={7},
  number={4},
  pages={1307--1330},
  year={1986},
  publisher={SIAM}
}

@article{basispursuit,
author={Chen,Scott S. and Donoho,David L. and Saunders,Michael A.},
year={1998},
title={Atomic Decomposition by Basis Pursuit},
journal={SIAM Journal on Scientific Computing},
volume={20},
number={1},
pages={33-29},
note={Copyright - Copyright] © 1998 Society for Industrial and Applied Mathematics; Last updated - 2012-02-15},
keywords={Mathematics},
isbn={10648275},
language={English},
url={https://search.proquest.com/docview/921414514?accountid=4488},
}

@article{tcs,
title={Joint Sensing Matrix and Sparsifying Dictionary Optimization for Tensor Compressive Sensing},
volume={65},
DOI={10.1109/tsp.2017.2699639},
number={14},
journal={IEEE Transactions on Signal Processing},
author={Ding, Xin and Chen, Wei and Wassell, Ian J.},
year={2017},
pages={3632-3646}
}

@article{elad,
  title={Optimized projections for compressed sensing},
  author={Elad, Michael},
  journal={IEEE Transactions on Signal Processing},
  volume={55},
  number={12},
  pages={5695--5702},
  year={2007},
  publisher={IEEE}
}
